%% LaTeX2e file `reference.bib'
%% generated by the `filecontents' environment
%% from source `yanputhesis-sample' on 2023/03/02.
%%
@article{urban2010ISPRS,
  title={Automatic change detection of buildings in urban environment from very high spatial resolution images using existing geodatabase and prior knowledge},
  author={Bouziani, Mourad and Go{\"\i}ta, Kalifa and He, Dong-Chen},
  journal={ISPRS Journal of Photogrammetry and Remote Sensing},
  volume={65},
  number={1},
  pages={143--153},
  year={2010},
  publisher={Elsevier}
}

@article{Zhang24urban,
	title = {Remote sensing image semantic change detection boosted by semi-supervised contrastive learning of semantic segmentation},
	volume = {62},
	copyright = {All rights reserved},
	journal = {IEEE Transactions on Geoscience and Remote Sensing},
	author = {Zhang, Xiuwei and Yang, Yizhe and Ran, Lingyan and Chen, Liang and Wang, Kangwei and Yu, Lei and Wang, Peng and Zhang, Yanning},
	year = {2024},
	keywords = {Self-supervised learning, Task analysis, Training, Semantic segmentation, Semantics, Remote sensing, Contrastive learning, semantic change detection (SCD), ��, Earth, self-training (ST)},
	pages = {1--13},
}

@INPROCEEDINGS{urban2024,
  author={K S, Basavaraju and N, Sravya and Kevala, Vibha Damodara and Lal, Shyam},
  booktitle={2024 IEEE Space, Aerospace and Defence Conference (SPACE)},
  title={Recent Advances in Urban Expansion Monitoring Through Deep Learning-Based Semantic Change Detection Techniques From Satellite Imagery},
  year={2024},
  volume={},
  number={},
  pages={169-173},
  keywords={Deep learning;Accuracy;Semantics;Urban areas;Land surface;Real-time systems;Satellite images;Deep Learning (DL);Semantic Change Detection (SCD);Satellite images;Urban Expansion Monitoring},
  }

@INPROCEEDINGS{hao2016forestCD,
  author={Hao, Rongxin and Chen, Erxue and Li, Zengyuan},
  booktitle={2016 IEEE International Geoscience and Remote Sensing Symposium (IGARSS)},
  title={Forest cover change detection method using bi-temporal GF-1 multi-spectral data},
  year={2016},
  volume={},
  number={},
  pages={3762-3765},
  keywords={Remote sensing;Satellites;Change detection algorithms;Kernel;Radiometry;Feature extraction;Signal to noise ratio;GF-1;change detection;forest cover;kernel minimum noise fraction (MNF)},
  }

@article{xing2023Progressive,
  title = {Progressive Modality-Alignment for Unsupervised Heterogeneous Change Detection},
  author = {Xing, Yinghui and Zhang, Qi and Ran, Lingyan and Zhang, Xiuwei and Yin, Hanlin and Zhang, Yanning},
  year = {2023},
  journal = {IEEE Transactions on Geoscience and Remote Sensing},
  volume = {61},
  pages = {1--12},
  issn = {1558-0644},
  copyright = {8.8005},
  lccn = {1}
}

@article{xing2024Improving,
  title = {Improving Reliability of Heterogeneous Change Detection by Sample Synthesis and Knowledge Transfer},
  author = {Xing, Yinghui and Zhang, Qi and Ran, Lingyan and Zhang, Xiuwei and Yin, Hanlin and Zhang, Yanning},
  year = {2024},
  journal = {IEEE Transactions on Geoscience and Remote Sensing},
  volume = {62},
  pages = {1--11},
}

@INPROCEEDINGS{ruralLand,
  author={Liang, Zhimin and Xia, Xinhua and Zhou, Bo and Wu, Huizhen},
  booktitle={2022 International Conference on Inventive Computation Technologies (ICICT)},
  title={Construction and Implementation of a Data-Oriented Platform for Rural Ecological Entrepreneurship based on Rural Remote Sensing Image Change Detection Algorithm},
  year={2022},
  volume={},
  number={},
  pages={1011-1015},
  keywords={Image resolution;Computational modeling;Biological system modeling;Entrepreneurship;Information processing;Real-time systems;Detection algorithms;Remote sensing;change detection;image processing;ecological entrepreneurship;data-oriented platform},
}

@article{disaster2018earthquake,
  title={Earthquake damage mapping: An overall assessment of ground surveys and VHR image change detection after L'Aquila 2009 earthquake},
  author={Anniballe, Roberta and Noto, Fabrizio and Scalia, Tanya and Bignami, Christian and Stramondo, Salvatore and Chini, Marco and Pierdicca, Nazzareno},
  journal={Remote sensing of environment},
  volume={210},
  pages={166--178},
  year={2018},
  publisher={Elsevier}
}

@ARTICLE{disaster2018landslide,
  author={Lv, Zhi Yong and Shi, Wenzhong and Zhang, Xiaokang and Benediktsson, Jón Atli},
  journal={IEEE Journal of Selected Topics in Applied Earth Observations and Remote Sensing},
  title={Landslide Inventory Mapping From Bitemporal High-Resolution Remote Sensing Images Using Change Detection and Multiscale Segmentation},
  year={2018},
  volume={11},
  number={5},
  pages={1520-1532},
  keywords={Terrain factors;Remote sensing;Image segmentation;Radiometry;Level set;Visualization;Earth;Change detection;high spatial resolution remote sensing image;landslide inventory map;majority voting (MV);multithresholds;multiscale segmentation},
  }

@article{du2020CVA,
  title={An improved change detection approach using tri-temporal logic-verified change vector analysis},
  author={Du, Peijun and Wang, Xin and Chen, Dongmei and Liu, Sicong and Lin, Cong and Meng, Yaping},
  journal={ISPRS Journal of Photogrammetry and Remote Sensing},
  volume={161},
  pages={278--293},
  year={2020},
  publisher={Elsevier}
}

@article{ludeke1990logistic_regression,
  title={An analysis of anthropogenic deforestation using logistic regression and GIS},
  author={Ludeke, Aaron Kim and Maggio, Robert C and Reid, Leslie M},
  journal={Journal of Environmental Management},
  volume={31},
  number={3},
  pages={247--259},
  year={1990},
  publisher={Elsevier}
}

@inproceedings{marchesi2009ica,
  title={ICA and kernel ICA for change detection in multispectral remote sensing images},
  author={Marchesi, Silvia and Bruzzone, Lorenzo},
  booktitle={2009 IEEE International Geoscience and Remote Sensing Symposium},
  volume={2},
  pages={II--980},
  year={2009},
  organization={IEEE}
}

@article{nielsen1998mad,
  title={Multivariate alteration detection (MAD) and MAF postprocessing in multispectral, bitemporal image data: New approaches to change detection studies},
  author={Nielsen, Allan A and Conradsen, Knut and Simpson, James J},
  journal={Remote Sensing of Environment},
  volume={64},
  number={1},
  pages={1--19},
  year={1998},
  publisher={Elsevier}
}

@article{celik2009pca,
  title={Unsupervised change detection in satellite images using principal component analysis and $ k $-means clustering},
  author={Celik, Turgay},
  journal={IEEE geoscience and remote sensing letters},
  volume={6},
  number={4},
  pages={772--776},
  year={2009},
  publisher={IEEE}
}

@article{mondini2011semi,
  title={Semi-automatic recognition and mapping of rainfall induced shallow landslides using optical satellite images},
  author={Mondini, AC and Guzzetti, F and Reichenbach, P and Rossi, M and Cardinali, M and Ardizzone, F},
  journal={Remote sensing of environment},
  volume={115},
  number={7},
  pages={1743--1757},
  year={2011},
  publisher={Elsevier}
}

@article{wu2013slow,
  title={Slow feature analysis for change detection in multispectral imagery},
  author={Wu, Chen and Du, Bo and Zhang, Liangpei},
  journal={IEEE Transactions on Geoscience and Remote Sensing},
  volume={52},
  number={5},
  pages={2858--2874},
  year={2013},
  publisher={IEEE}
}

@inproceedings{daudt2018FC-EF,
  title = {Fully {{Convolutional Siamese Networks}} for {{Change Detection}}},
  booktitle = {2018 25th {{IEEE International Conference}} on {{Image Processing}} ({{ICIP}})},
  author = {Caye Daudt, Rodrigo and Le Saux, Bertr and Boulch, Alexandre},
  date = {2018-10},
  pages = {4063--4067},
  publisher = {IEEE},
  location = {Athens},
  urldate = {2023-11-20},
  eventtitle = {2018 25th {{IEEE International Conference}} on {{Image Processing}} ({{ICIP}})},
  isbn = {978-1-4799-7061-2},
  langid = {english},
  year={2018}
}

@ARTICLE{BIFA2024,
  author={Zhang, Haotian and Chen, Hao and Zhou, Chenyao and Chen, Keyan and Liu, Chenyang and Zou, Zhengxia and Shi, Zhenwei},
  journal={IEEE Transactions on Geoscience and Remote Sensing},
  title={{BiFA}: Remote Sensing Image Change Detection With Bitemporal Feature Alignment},
  year={2024},
  volume={62},
  number={},
  pages={1-17},
  keywords={Feature extraction;Task analysis;Remote sensing;Transformers;Interference;Decoding;Optical flow;Bitemporal interaction (BI);change detection (CD);feature alignment;flow field;high-resolution optical remote sensing image;implicit neural representation},
}

@ARTICLE{crossRES2023szw,
  author={Chen, Hao and Zhang, Haotian and Chen, Keyan and Zhou, Chenyao and Chen, Song and Zou, Zhengxia and Shi, Zhenwei},
  journal={IEEE Transactions on Geoscience and Remote Sensing},
  title={Continuous Cross-Resolution Remote Sensing Image Change Detection},
  year={2023},
  volume={61},
  number={},
  pages={1-20},
  keywords={Spatial resolution;Adaptation models;Transformers;Task analysis;Remote sensing;Training;Image edge detection;Attention mechanism;cross-resolution change detection (CD);high-resolution (HR) remote sensing (RS) image;implicit neural representation (INR);scale-invariant learning},
}

@article{chen2021BIT,
  title={Remote sensing image change detection with transformers},
  author={Chen, Hao and Qi, Zipeng and Shi, Zhenwei},
  journal={IEEE Transactions on Geoscience and Remote Sensing},
  volume={60},
  pages={1--14},
  year={2021},
  publisher={IEEE}
}

@INPROCEEDINGS{Bandara2022changeformer,
  author={Bandara, Wele Gedara Chaminda and Patel, Vishal M.},
  booktitle={IGARSS 2022 - 2022 IEEE International Geoscience and Remote Sensing Symposium},
  title={A Transformer-Based Siamese Network for Change Detection},
  year={2022},
  volume={},
  number={},
  pages={207-210},
  keywords={Convolutional codes;Network architecture;Transformers;Decoding;Sensors;Remote sensing;Change detection;transformer Siamese network;attention mechanism;multilayer perceptron;remote sensing},
}

@article{wu2023fcdgan,
  title={Fully convolutional change detection framework with generative adversarial network for unsupervised, weakly supervised and regional supervised change detection},
  author={Wu, Chen and Du, Bo and Zhang, Liangpei},
  journal={IEEE Transactions on Pattern Analysis and Machine Intelligence},
  volume={45},
  number={8},
  pages={9774--9788},
  year={2023},
  publisher={IEEE}
}

@ARTICLE{WSCD_TGRS24,
  author={Li, Zhenglai and Tang, Chang and Liu, Xinwang and Li, Changdong and Li, Xianju and Zhang, Wei},
  journal={IEEE Transactions on Geoscience and Remote Sensing},
  title={{MS-Former}: Memory-Supported Transformer for Weakly Supervised Change Detection With Patch-Level Annotations},
  year={2024},
  volume={62},
  number={},
  pages={1-13},
  keywords={Annotations;Feature extraction;Remote sensing;Prototypes;Semantics;Bidirectional control;Deep learning;Memory bank mechanism;patch-level annotations;remote sensing change detection (CD);weakly supervised learning},
  }

@ARTICLE{WSCD_TGRS24_2,
  author={Ma, Longlong and Huang, Yuchun and Shi, Wenxuan and Wang, Yuyan and Ye, Xi},
  journal={IEEE Transactions on Geoscience and Remote Sensing},
  title={Weakly Supervised Building Change Detection Based on DeepCut and Temporal Invariant},
  year={2024},
  volume={62},
  number={},
  pages={1-18},
  keywords={Feature extraction;Buildings;Annotations;Remote sensing;Accuracy;Training;Semantic segmentation;Adversarial learning;building change detection;feature correlation;graph cut (GrabCut);weakly supervised},
}

@article{bandara2023USCD,
  title={Deep Metric Learning for Unsupervised Remote Sensing Change Detection},
  author={Bandara, Wele Gedara Chaminda and Patel, Vishal M},
  journal={arXiv preprint arXiv:2303.09536},
  year={2023}
}

@ARTICLE{USCD_JSTARS23,
  author={Yan, Li and Yang, Jianbing and Wang, Jian},
  journal={IEEE Journal of Selected Topics in Applied Earth Observations and Remote Sensing},
  title={Domain Knowledge-Guided Self-Supervised Change Detection for Remote Sensing Images},
  year={2023},
  volume={16},
  number={},
  pages={4167-4179},
  keywords={Feature extraction;Training;Remote sensing;Indexes;Deep learning;Self-supervised learning;Task analysis;Change detection (CD);domain knowledge;remote sensing;self-supervised learning},
}

@ARTICLE{USCD_TGRS22,
  author={Tang, Xu and Zhang, Huayu and Mou, Lichao and Liu, Fang and Zhang, Xiangrong and Zhu, Xiao Xiang and Jiao, Licheng},
  journal={IEEE Transactions on Geoscience and Remote Sensing},
  title={An Unsupervised Remote Sensing Change Detection Method Based on Multiscale Graph Convolutional Network and Metric Learning},
  year={2022},
  volume={60},
  number={},
  pages={1-15},
  keywords={Feature extraction;Task analysis;Measurement;Semantics;Remote sensing;Image segmentation;Training;Change detection (CD);graph convolution network (GCN);high resolution remote sensing (RS) images;metric learning;unsupervised},
}

@ARTICLE{IAug2022,
  author={Chen, Hao and Li, Wenyuan and Shi, Zhenwei},
  journal={IEEE Transactions on Geoscience and Remote Sensing},
  title={Adversarial Instance Augmentation for Building Change Detection in Remote Sensing Images},
  year={2022},
  volume={60},
  number={},
  pages={1-16},
  keywords={Buildings;Feature extraction;Data models;Training;Semantics;Training data;Task analysis;Adversarial instance augmentation;building change detection (CD);convolutional neural networks (CNNs);high-resolution optical remote sensing (RS) image;synthetic data},
}

@ARTICLE{gen_sample_TGRS21,
  author={Ren, Caijun and Wang, Xiangyu and Gao, Jian and Zhou, Xiren and Chen, Huanhuan},
  journal={IEEE Transactions on Geoscience and Remote Sensing},
  title={Unsupervised Change Detection in Satellite Images With Generative Adversarial Network},
  year={2021},
  volume={59},
  number={12},
  pages={10047-10061},
  keywords={Feature extraction;Generative adversarial networks;Deep learning;Satellites;Task analysis;Gallium nitride;Generators;Change detection;deep learning;generative adversarial networks (GANs);satellite images;unsupervised},
}

@ARTICLE{augmentaion_23,
  author={Wang, Zhipan and Liu, Di and Wang, Zhongwu and Liao, Xiang and Zhang, Qingling},
  journal={IEEE Journal of Selected Topics in Applied Earth Observations and Remote Sensing},
  title={A New Remote Sensing Change Detection Data Augmentation Method Based on Mosaic Simulation and Haze Image Simulation},
  year={2023},
  volume={16},
  number={},
  pages={4579-4590},
  keywords={Data models;Training;Deep learning;Remote sensing;Clouds;Task analysis;Image color analysis;Change detection algorithms;Change detection;data augmentation;high-resolution remote sensing image},
}

@inproceedings{bandara2022ddpm,
    author = {Bandara, Wele Gedara Chaminda and Nair, Nithin Gopalakrishnan and Patel, Vishal M},
    title = {{DDPM-CD}: Denoising Diffusion Probabilistic Models as Feature Extractors for Change Detection},
    booktitle = {IEEE/CVF Winter Conference on Applications of Computer Vision (WACV)},
    year = {2025}
}

@inproceedings{ran2023DTFSeg,
  title = {{DTFSeg}: A Dynamic Threshold Filtering Method for Semi-Supervised Semantic Segmentation},
  shorttitle = {DTFSeg},
  booktitle = {2023 China Automation Congress (CAC)},
  author = {Ran, Lingyan and Zhan, Weiqi and Li, Yali and Zhang, Xiaoqiang and Zhang, Shizhou},
  year = {2023},
  month = nov,
  pages = {7571--7576},
  publisher = {IEEE},
  address = {Chongqing, China},
  urldate = {2024-04-02},
  isbn = {9798350303759},
  langid = {english}
}

@article{ran2024semi,
  title = {Pseudo Labeling Methods for Semi-Supervised Semantic Segmentation: A Review and Future Perspectives},
  author = {Ran, Lingyan and Li, Yali and Liang, Guoqiang and Zhang, Yanning},
  year = {2024},
  journal = {IEEE Transactions on Circuits and Systems for Video Technology},
}

@inproceedings{cai2021ema,
  title={Exponential moving average normalization for self-supervised and semi-supervised learning},
  author={Cai, Zhaowei and Ravichandran, Avinash and Maji, Subhransu and Fowlkes, Charless and Tu, Zhuowen and Soatto, Stefano},
  booktitle={Proceedings of the IEEE/CVF Conference on Computer Vision and Pattern Recognition},
  pages={194--203},
  year={2021}
}

@inproceedings{lee2013pseudo,
  title={Pseudo-label: The simple and efficient semi-supervised learning method for deep neural networks},
  author={Lee, Dong-Hyun and others},
  booktitle={Workshop on challenges in representation learning, ICML},
  volume={3},
  number={2},
  pages={896},
  year={2013},
  organization={Atlanta}
}

@article{van2020smmooth,
  title={A survey on semi-supervised learning},
  author={Van Engelen, Jesper E and Hoos, Holger H},
  journal={Machine learning},
  volume={109},
  number={2},
  pages={373--440},
  year={2020},
  publisher={Springer}
}

@article{laine2016temporal,
  title={Temporal ensembling for semi-supervised learning},
  author={Laine, Samuli and Aila, Timo},
  journal={arXiv preprint arXiv:1610.02242},
  year={2016}
}

@inproceedings{ActiveTeacher,
  title={Active teacher for semi-supervised object detection},
  author={Mi, Peng and Lin, Jianghang and Zhou, Yiyi and Shen, Yunhang and Luo, Gen and Sun, Xiaoshuai and Cao, Liujuan and Fu, Rongrong and Xu, Qiang and Ji, Rongrong},
  booktitle={Proceedings of the IEEE/CVF conference on computer vision and pattern recognition},
  pages={14482--14491},
  year={2022}
}

@article{mittal2019s4GAN,
  title={Semi-supervised semantic segmentation with high-and low-level consistency},
  author={Mittal, Sudhanshu and Tatarchenko, Maxim and Brox, Thomas},
  journal={IEEE transactions on pattern analysis and machine intelligence},
  volume={43},
  number={4},
  pages={1369--1379},
  year={2019},
  publisher={IEEE}
}
@inproceedings{UniMatch,
  title={Revisiting weak-to-strong consistency in semi-supervised semantic segmentation},
  author={Yang, Lihe and Qi, Lei and Feng, Litong and Zhang, Wayne and Shi, Yinghuan},
  booktitle={Proceedings of the IEEE/CVF Conference on Computer Vision and Pattern Recognition},
  pages={7236--7246},
  year={2023}
}
@inproceedings{AugSeg,
  title={Augmentation matters: A simple-yet-effective approach to semi-supervised semantic segmentation},
  author={Zhao, Zhen and Yang, Lihe and Long, Sifan and Pi, Jimin and Zhou, Luping and Wang, Jingdong},
  booktitle={Proceedings of the IEEE/CVF conference on computer vision and pattern recognition},
  pages={11350--11359},
  year={2023}
}
@inproceedings{iMAS,
  title={Instance-specific and model-adaptive supervision for semi-supervised semantic segmentation},
  author={Zhao, Zhen and Long, Sifan and Pi, Jimin and Wang, Jingdong and Zhou, Luping},
  booktitle={Proceedings of the IEEE/CVF conference on computer vision and pattern recognition},
  pages={23705--23714},
  year={2023}
}
@article{sohn2020fixmatch,
  title={Fixmatch: Simplifying semi-supervised learning with consistency and confidence},
  author={Sohn, Kihyuk and Berthelot, David and Carlini, Nicholas and Zhang, Zizhao and Zhang, Han and Raffel, Colin A and Cubuk, Ekin Dogus and Kurakin, Alexey and Li, Chun-Liang},
  journal={Advances in neural information processing systems},
  volume={33},
  pages={596--608},
  year={2020}
}
@article{transformation_medical,
  title={Transformation-consistent self-ensembling model for semisupervised medical image segmentation},
  author={Li, Xiaomeng and Yu, Lequan and Chen, Hao and Fu, Chi-Wing and Xing, Lei and Heng, Pheng-Ann},
  journal={IEEE transactions on neural networks and learning systems},
  volume={32},
  number={2},
  pages={523--534},
  year={2020},
  publisher={IEEE}
}
@inproceedings{zhangSemiSAMExploringSAM2023,
    author = {Zhang, Yichi and Cheng, Yuan and Qi, Yuan},
    title = {{SemiSAM}: Exploring sam for enhancing semi-supervised medical image segmentation with extremely limited annotations},
    booktitle = {IEEE International Conference on Bioinformatics and Biomedicine (BIBM)},
    year = {2024}
}
@article{xie2020unsupervised,
  title={Unsupervised data augmentation for consistency training},
  author={Xie, Qizhe and Dai, Zihang and Hovy, Eduard and Luong, Thang and Le, Quoc},
  journal={Advances in neural information processing systems},
  volume={33},
  pages={6256--6268},
  year={2020}
}
@article{bandara2022RCR,
  title={Revisiting consistency regularization for semi-supervised change detection in remote sensing images},
  author={Bandara, Wele Gedara Chaminda and Patel, Vishal M},
  journal={arXiv preprint arXiv:2204.08454},
  year={2022}
}
@inproceedings{Lai2021CAC,
  title={Semi-supervised semantic segmentation with directional context-aware consistency},
  author={Lai, Xin and Tian, Zhuotao and Jiang, Li and Liu, Shu and Zhao, Hengshuang and Wang, Liwei and Jia, Jiaya},
  booktitle={Proceedings of the IEEE/CVF Conference on Computer Vision and Pattern Recognition},
  pages={1205--1214},
  year={2021}
}
@inproceedings{yang2022st++,
  title={St++: Make self-training work better for semi-supervised semantic segmentation},
  author={Yang, Lihe and Zhuo, Wei and Qi, Lei and Shi, Yinghuan and Gao, Yang},
  booktitle={Proceedings of the IEEE/CVF conference on computer vision and pattern recognition},
  pages={4268--4277},
  year={2022}
}
@inproceedings{wang2022u2pl,
  title={Semi-supervised semantic segmentation using unreliable pseudo-labels},
  author={Wang, Yuchao and Wang, Haochen and Shen, Yujun and Fei, Jingjing and Li, Wei and Jin, Guoqiang and Wu, Liwei and Zhao, Rui and Le, Xinyi},
  booktitle={Proceedings of the IEEE/CVF conference on computer vision and pattern recognition},
  pages={4248--4257},
  year={2022}
}
@inproceedings{co-training,
  title={Combining labeled and unlabeled data with co-training},
  author={Blum, Avrim and Mitchell, Tom},
  booktitle={Proceedings of the eleventh annual conference on Computational learning theory},
  pages={92--100},
  year={1998}
}
@article{semiVAE,
  title={Semi-supervised learning with deep generative models},
  author={Kingma, Durk P and Mohamed, Shakir and Jimenez Rezende, Danilo and Welling, Max},
  journal={Advances in neural information processing systems},
  volume={27},
  year={2014}
}
@article{lecun1998lenet,
  title={Gradient-based learning applied to document recognition},
  author={LeCun, Yann and Bottou, L{\'e}on and Bengio, Yoshua and Haffner, Patrick},
  journal={Proceedings of the IEEE},
  volume={86},
  number={11},
  pages={2278--2324},
  year={1998},
  publisher={Ieee}
}
@article{krizhevsky2012alexnet,
  title={Imagenet classification with deep convolutional neural networks},
  author={Krizhevsky, Alex and Sutskever, Ilya and Hinton, Geoffrey E},
  journal={Advances in neural information processing systems},
  volume={25},
  year={2012}
}
@article{simonyan2014VGG,
  title={Very deep convolutional networks for large-scale image recognition},
  author={Simonyan, Karen and Zisserman, Andrew},
  journal={arXiv preprint arXiv:1409.1556},
  year={2014}
}
@INPROCEEDINGS{He2015ResNet,
  author={He, Kaiming and Zhang, Xiangyu and Ren, Shaoqing and Sun, Jian},
  booktitle={2016 IEEE Conference on Computer Vision and Pattern Recognition (CVPR)},
  title={Deep Residual Learning for Image Recognition},
  year={2016},
  volume={},
  number={},
  pages={770-778},
  keywords={Training;Degradation;Complexity theory;Image recognition;Neural networks;Visualization;Image segmentation},
}
@inproceedings{ronneberger2015Unet,
  title={U-net: Convolutional networks for biomedical image segmentation},
  author={Ronneberger, Olaf and Fischer, Philipp and Brox, Thomas},
  booktitle={Medical image computing and computer-assisted intervention--MICCAI 2015: 18th international conference, Munich, Germany, October 5-9, 2015, proceedings, part III 18},
  pages={234--241},
  year={2015},
  organization={Springer}
}
@article{shi2021DSAMNet,
  title={A deeply supervised attention metric-based network and an open aerial image dataset for remote sensing change detection},
  author={Shi, Qian and Liu, Mengxi and Li, Shengchen and Liu, Xiaoping and Wang, Fei and Zhang, Liangpei},
  journal={IEEE transactions on geoscience and remote sensing},
  volume={60},
  pages={1--16},
  year={2021},
  publisher={IEEE}
}
@inproceedings{woo2018cbam,
  title={Cbam: Convolutional block attention module},
  author={Woo, Sanghyun and Park, Jongchan and Lee, Joon-Young and Kweon, In So},
  booktitle={Proceedings of the European conference on computer vision (ECCV)},
  pages={3--19},
  year={2018}
}
@article{zhang2023MFNet,
  title={MFNet: Mutual Feature-Aware Networks for Remote Sensing Change Detection},
  author={Zhang, Qi and Lu, Yao and Shao, Sicheng and Shen, Li and Wang, Fei and Zhang, Xuetao},
  journal={Remote Sensing},
  volume={15},
  number={8},
  pages={2145},
  year={2023}
}
@article{fang2021SNUNet,
  title={SNUNet-CD: A densely connected Siamese network for change detection of VHR images},
  author={Fang, Sheng and Li, Kaiyu and Shao, Jinyuan and Li, Zhe},
  journal={IEEE Geoscience and Remote Sensing Letters},
  volume={19},
  pages={1--5},
  year={2021},
  publisher={IEEE}
}
@inproceedings{zhou2018unet++,
  title={Unet++: A nested u-net architecture for medical image segmentation},
  author={Zhou, Zongwei and Rahman Siddiquee, Md Mahfuzur and Tajbakhsh, Nima and Liang, Jianming},
  booktitle={Deep Learning in Medical Image Analysis and Multimodal Learning for Clinical Decision Support: 4th International Workshop, DLMIA 2018, and 8th International Workshop, ML-CDS 2018, Held in Conjunction with MICCAI 2018, Granada, Spain, September 20, 2018, Proceedings 4},
  pages={3--11},
  year={2018},
  organization={Springer}
}
@article{zaremba2014rnn,
  title={Recurrent neural network regularization},
  author={Zaremba, Wojciech},
  journal={arXiv preprint arXiv:1409.2329},
  year={2014}
}
@inproceedings{zheng2021changestar,
  title={Change is everywhere: Single-temporal supervised object change detection in remote sensing imagery},
  author={Zheng, Zhuo and Ma, Ailong and Zhang, Liangpei and Zhong, Yanfei},
  booktitle={Proceedings of the IEEE/CVF international conference on computer vision},
  pages={15193--15202},
  year={2021}
}

@article{vaswani2017transformer,
  title={Attention is all you need},
  author={Vaswani, A},
  journal={Advances in Neural Information Processing Systems},
  year={2017}
}

@article{dosovitskiy2020vit,
  title={An image is worth 16x16 words: Transformers for image recognition at scale},
  author={Dosovitskiy, Alexey},
  journal={arXiv preprint arXiv:2010.11929},
  year={2020}
}

@article{li2022transunetcd,
  title={TransUNetCD: A hybrid transformer network for change detection in optical remote-sensing images},
  author={Li, Qingyang and Zhong, Ruofei and Du, Xin and Du, Yu},
  journal={IEEE Transactions on Geoscience and Remote Sensing},
  volume={60},
  pages={1--19},
  year={2022},
  publisher={IEEE}
}

@article{xie2021segformer,
  title={SegFormer: Simple and efficient design for semantic segmentation with transformers},
  author={Xie, Enze and Wang, Wenhai and Yu, Zhiding and Anandkumar, Anima and Alvarez, Jose M and Luo, Ping},
  journal={Advances in neural information processing systems},
  volume={34},
  pages={12077--12090},
  year={2021}
}

@inproceedings{bandara2022transformer,
  title={A transformer-based siamese network for change detection},
  author={Bandara, Wele Gedara Chaminda and Patel, Vishal M},
  booktitle={IGARSS 2022-2022 IEEE International Geoscience and Remote Sensing Symposium},
  pages={207--210},
  year={2022},
  organization={IEEE}
}

@article{jiang2023vct,
  title={VcT: Visual change transformer for remote sensing image change detection},
  author={Jiang, Bo and Wang, Zitian and Wang, Xixi and Zhang, Ziyan and Chen, Lan and Wang, Xiao and Luo, Bin},
  journal={IEEE Transactions on Geoscience and Remote Sensing},
  year={2023},
  publisher={IEEE}
}

@ARTICLE{jiang2024cnntranscd,
  author={Jiang, Ming and Chen, Yimin and Dong, Zhe and Liu, Xiaoping and Zhang, Xinchang and Zhang, Honghui},
  journal={IEEE Journal of Selected Topics in Applied Earth Observations and Remote Sensing},
  title={Multiscale Fusion CNN-Transformer Network for High-Resolution Remote Sensing Image Change Detection},
  year={2024},
  volume={17},
  number={},
  pages={5280-5293},
  keywords={Feature extraction;Transformers;Convolutional neural networks;Task analysis;Remote sensing;Convolution;Data mining;Attention mechanism;change detection;high-resolution remote sensing image;multilevel aggregation;transformer}
  }

@ARTICLE{lwm2023cnntransCD,
  author={Li, Weiming and Xue, Lihui and Wang, Xueqian and Li, Gang},
  journal={IEEE Transactions on Geoscience and Remote Sensing},
  title={ConvTransNet: A CNN–Transformer Network for Change Detection With Multiscale Global–Local Representations},
  year={2023},
  volume={61},
  number={},
  pages={1-15},
  keywords={Feature extraction;Transformers;Remote sensing;Optical sensors;Optical imaging;Convolution;Sensors;Change detection (CD);convolutional neural network (CNN);optical remote sensing image;Transformer},
  }

@INPROCEEDINGS{lwm2023cnntransCD2,
  author={Li, Weiming and Xue, Lihui and Wang, Xueqian and Li, Gang},
  booktitle={2023 26th International Conference on Information Fusion (FUSION)},
  title={MCTNet: A Multi-Scale CNN-Transformer Network for Change Detection in Optical Remote Sensing Images},
  year={2023},
  volume={},
  number={},
  pages={1-5},
  keywords={Aggregates;Optical fiber networks;Feature extraction;Transformers;Optical imaging;Adaptive optics;Robustness;Change detection;convolutional neural network;transformer;remote sensing images},
}

@inproceedings{kirillov2023SAM,
  title={Segment anything},
  author={Kirillov, Alexander and Mintun, Eric and Ravi, Nikhila and Mao, Hanzi and Rolland, Chloe and Gustafson, Laura and Xiao, Tete and Whitehead, Spencer and Berg, Alexander C and Lo, Wan-Yen and others},
  booktitle={Proceedings of the IEEE/CVF International Conference on Computer Vision},
  pages={4015--4026},
  year={2023}
}

@ARTICLE{li2024LM,
  author={Li, Kaiyu and Cao, Xiangyong and Meng, Deyu},
  journal={IEEE Transactions on Geoscience and Remote Sensing},
  title={A New Learning Paradigm for Foundation Model-Based Remote-Sensing Change Detection},
  year={2024},
  volume={62},
  number={},
  pages={1-12},
  keywords={Adaptation models;Task analysis;Data models;Computational modeling;Feature extraction;Transformers;Tuning;Change detection (CD);deep learning (DL);foundation model;remote-sensing (RS) image processing;visual tuning},
}

@inproceedings{radford2021clip,
  title={Learning transferable visual models from natural language supervision},
  author={Radford, Alec and Kim, Jong Wook and Hallacy, Chris and Ramesh, Aditya and Goh, Gabriel and Agarwal, Sandhini and Sastry, Girish and Askell, Amanda and Mishkin, Pamela and Clark, Jack and others},
  booktitle={International conference on machine learning},
  pages={8748--8763},
  year={2021},
  organization={PMLR}
}

@ARTICLE{ding2024SAMCD,
  author={Ding, Lei and Zhu, Kun and Peng, Daifeng and Tang, Hao and Yang, Kuiwu and Bruzzone, Lorenzo},
  journal={IEEE Transactions on Geoscience and Remote Sensing},
  title={Adapting Segment Anything Model for Change Detection in VHR Remote Sensing Images},
  year={2024},
  volume={62},
  number={},
  pages={1-11},
  keywords={Semantics;Feature extraction;Image segmentation;Task analysis;Adaptation models;Computational modeling;Visualization;Change detection (CD);convolutional neural network (CNN);remote sensing (RS);segment anything model (SAM);vision foundation models (VFMs)},
}


@article{liu2024changeagent,
  title={Change-Agent: Towards Interactive Comprehensive Change Interpretation and Analysis from Change Detection and Change Captioning},
  author={Liu, Chenyang and Chen, Keyan and Zhang, Haotian and Qi, Zipeng and Zou, Zhengxia and Shi, Zhenwei},
  journal={arXiv preprint arXiv:2403.19646},
  year={2024}
}

@article{dong2024changeclip,
  title={ChangeCLIP: Remote sensing change detection with multimodal vision-language representation learning},
  author={Dong, Sijun and Wang, Libo and Du, Bo and Meng, Xiaoliang},
  journal={ISPRS Journal of Photogrammetry and Remote Sensing},
  volume={208},
  pages={53--69},
  year={2024},
  publisher={Elsevier}
}

@article{zheng2024SAC,
  title={Segment any change},
  author={Zheng, Zhuo and Zhong, Yanfei and Zhang, Liangpei and Ermon, Stefano},
  journal={arXiv preprint arXiv:2402.01188},
  year={2024}
}
@article{bousias2021evaluation,
  title={Evaluation of semi-supervised learning for CNN-based change detection},
  author={Bousias Alexakis, E and Armenakis, C},
  journal={The International Archives of the Photogrammetry, Remote Sensing and Spatial Information Sciences},
  volume={43},
  pages={829--836},
  year={2021},
  publisher={Copernicus GmbH}
}
@INPROCEEDINGS{mao2023semi,
  author={Mao, Zan and Tong, Xinyu and Luo, Ze},
  booktitle={ICASSP 2023 - 2023 IEEE International Conference on Acoustics, Speech and Signal Processing (ICASSP)},
  title={Semi-Supervised Remote Sensing Image Change Detection Using Mean Teacher Model for Constructing Pseudo-Labels},
  year={2023},
  volume={},
  number={},
  pages={1-5},
  keywords={Training;Deep learning;Predictive models;Signal processing;Semisupervised learning;Data models;Acoustics;change detection;semi-supervised;consistency;mean teacher}
}
@article{sun2022semisanet,
  title={SemiSANet: A semi-supervised high-resolution remote sensing image change detection model using Siamese networks with graph attention},
  author={Sun, Chengzhe and Wu, Jiangjiang and Chen, Hao and Du, Chun},
  journal={Remote Sensing},
  volume={14},
  number={12},
  pages={2801},
  year={2022},
  publisher={MDPI}
}
@INPROCEEDINGS{hafner2022urban,
  author={Hafner, Sebastian and Ban, Yifang and Nascetti, Andrea},
  booktitle={IGARSS 2022 - 2022 IEEE International Geoscience and Remote Sensing Symposium},
  title={Urban Change Detection Using a Dual-Task Siamese Network and Semi-Supervised Learning},
  year={2022},
  volume={},
  number={},
  pages={1071-1074},
  keywords={Image segmentation;Codes;Architecture;Semantics;Buildings;Semisupervised learning;Benchmark testing;remote sensing;deep learning;semantic segmentation;consistency regularization}
}
@article{goodfellow2014gan,
  title={Generative adversarial nets},
  author={Goodfellow, Ian and Pouget-Abadie, Jean and Mirza, Mehdi and Xu, Bing and Warde-Farley, David and Ozair, Sherjil and Courville, Aaron and Bengio, Yoshua},
  journal={Advances in neural information processing systems},
  volume={27},
  year={2014}
}
@inproceedings{graph2019gan,
  title={Semi-supervised change detection based on graphs with generative adversarial networks},
  author={Liu, Junfu and Chen, Keming and Xu, Guangluan and Li, Hao and Yan, Menglong and Diao, Wenhui and Sun, Xian},
  booktitle={IGARSS 2019-2019 IEEE International Geoscience and Remote Sensing Symposium},
  pages={74--77},
  year={2019},
  organization={IEEE}
}
@inproceedings{nie2022semigan,
  title={Semi supervised change detection method of remote sensing image},
  author={Nie, Wei and Gou, Peng and Liu, Yang and Shrestha, Bhaskar and Zhou, Tianyu and Xu, Nuo and Wang, Peng and Du, QiQi},
  booktitle={2022 IEEE 6th Advanced Information Technology, Electronic and Automation Control Conference (IAEAC)},
  pages={1013--1019},
  year={2022},
  organization={IEEE}
}
@inproceedings{yang2022gan,
  title={Change detection of high-resolution remote sensing image based on semi-supervised segmentation and adversarial learning},
  author={Yang, Shengnan and Hou, Shilong and Zhang, Yifan and Wang, Hongyu and Ma, Xiaorui},
  booktitle={IGARSS 2022-2022 IEEE International Geoscience and Remote Sensing Symposium},
  pages={1055--1058},
  year={2022},
  organization={IEEE}
}
@article{li2023multi,
  title={Multi-Temporal SamplePair Generation for Building Change Detection Promotion in Optical Remote Sensing Domain Based on Generative Adversarial Network},
  author={Li, Yute and Chen, He and Dong, Shan and Zhuang, Yin and Li, Lianlin},
  journal={Remote Sensing},
  volume={15},
  number={9},
  pages={2470},
  year={2023},
  publisher={MDPI}
}
@INPROCEEDINGS{2019resnetV2,
  author={He, Tong and Zhang, Zhi and Zhang, Hang and Zhang, Zhongyue and Xie, Junyuan and Li, Mu},
  booktitle={2019 IEEE/CVF Conference on Computer Vision and Pattern Recognition (CVPR)},
  title={Bag of Tricks for Image Classification with Convolutional Neural Networks},
  year={2019},
  volume={},
  number={},
  pages={558-567},
  keywords={Deep Learning;Recognition: Detection;Categorization;Retrieval}
}

@inproceedings{xie2017ResNeXt,
  title={Aggregated residual transformations for deep neural networks},
  author={Xie, Saining and Girshick, Ross and Doll{\'a}r, Piotr and Tu, Zhuowen and He, Kaiming},
  booktitle={Proceedings of the IEEE conference on computer vision and pattern recognition},
  pages={1492--1500},
  year={2017}
}

@inproceedings{zhao2017PPM,
  title={Pyramid scene parsing network},
  author={Zhao, Hengshuang and Shi, Jianping and Qi, Xiaojuan and Wang, Xiaogang and Jia, Jiaya},
  booktitle={Proceedings of the IEEE conference on computer vision and pattern recognition},
  pages={2881--2890},
  year={2017}
}

@inproceedings{shi2016upsample,
  title={Real-time single image and video super-resolution using an efficient sub-pixel convolutional neural network},
  author={Shi, Wenzhe and Caballero, Jose and Husz{\'a}r, Ferenc and Totz, Johannes and Aitken, Andrew P and Bishop, Rob and Rueckert, Daniel and Wang, Zehan},
  booktitle={Proceedings of the IEEE conference on computer vision and pattern recognition},
  pages={1874--1883},
  year={2016}
}

@book{murphy2012CE,
  title={Machine learning: a probabilistic perspective},
  author={Murphy, Kevin P},
  year={2012},
  publisher={MIT press}
}

@ARTICLE{2019VAT,
  author={Miyato, Takeru and Maeda, Shin-Ichi and Koyama, Masanori and Ishii, Shin},
  journal={IEEE Transactions on Pattern Analysis and Machine Intelligence},
  title={Virtual Adversarial Training: A Regularization Method for Supervised and Semi-Supervised Learning},
  year={2019},
  volume={41},
  number={8},
  pages={1979-1993},
  keywords={Training;Perturbation methods;Artificial neural networks;Semisupervised learning;Data models;Computational modeling;Robustness;Semi-supervised learning;supervised learning;robustness;adversarial training;adversarial examples;deep learning}
}


@ARTICLE{Zhang2023FPA,
  author={Zhang, Xueting and Huang, Xin and Li, Jiayi},
  journal={IEEE Transactions on Geoscience and Remote Sensing},
  title={Semisupervised Change Detection With Feature-Prediction Alignment},
  year={2023},
  volume={61},
  number={},
  pages={1-16},
  keywords={Feature extraction;Training;Optimization;Entropy;Convolutional neural networks;Annotations;Uncertainty;Change detection (CD);feature-prediction alignment (FPA);remote sensing;semisupervised learning (SSL)}
}

@article{chen2020levircd,
  title={A spatial-temporal attention-based method and a new dataset for remote sensing image change detection},
  author={Chen, Hao and Shi, Zhenwei},
  journal={Remote Sensing},
  volume={12},
  number={10},
  pages={1662},
  year={2020},
  publisher={MDPI}
}

@article{ji2018whu,
  title={Fully convolutional networks for multisource building extraction from an open aerial and satellite imagery data set},
  author={Ji, Shunping and Wei, Shiqing and Lu, Meng},
  journal={IEEE Transactions on geoscience and remote sensing},
  volume={57},
  number={1},
  pages={574--586},
  year={2018},
  publisher={IEEE}
}

@article{peng2021SemiCDNet,
  title = {SemiCDNet: A Semisupervised Convolutional Neural Network for Change Detection in High Resolution Remote-Sensing Images},
  shorttitle = {SemiCDNet},
  author = {Peng, Daifeng and Bruzzone, Lorenzo and Zhang, Yongjun and Guan, Haiyan and Ding, Haiyong and Huang, Xu},
  year = {2021},
  month = jul,
  journal = {IEEE Transactions on Geoscience and Remote Sensing},
  volume = {59},
  number = {7},
  pages = {5891--5906},
  issn = {0196-2892, 1558-0644},
  urldate = {2024-03-21},
  langid = {english}
}

@ARTICLE{holail2023EGYCD,
  author={Holail, Shimaa and Saleh, Tamer and Xiao, Xiongwu and Li, Deren},
  journal={IEEE Geoscience and Remote Sensing Letters},
  title={AFDE-Net: Building Change Detection Using Attention-Based Feature Differential Enhancement for Satellite Imagery},
  year={2023},
  volume={20},
  number={},
  pages={1-5},
  keywords={Buildings;Feature extraction;Satellites;Semantics;Remote sensing;Computer architecture;Change detection algorithms;AFDE-Net;building change detection (BCD);deep supervision (DS);EGY-BCD dataset;ensemble spatial-channel attention fusion (ESCAF) module}
}

@ARTICLE{zhang2023HRCUS,
  author={Zhang, Jindou and Shao, Zhenfeng and Ding, Qing and Huang, Xiao and Wang, Yu and Zhou, Xuechao and Li, Deren},
  journal={IEEE Transactions on Geoscience and Remote Sensing},
  title={AERNet: An Attention-Guided Edge Refinement Network and a Dataset for Remote Sensing Building Change Detection},
  year={2023},
  volume={61},
  number={},
  pages={1-16},
  keywords={Buildings;Feature extraction;Remote sensing;Image edge detection;Earth;Task analysis;Spatial resolution;Attention-guided edge refinement network (AERNet);building change detection (BCD);coordinate attention (CA);dataset;deep supervision (DS);edge refinement}
}

@article{Lebedev2018CDD,
  title={Change detection in remote sensing images using conditional adversarial networks},
  author={Lebedev, MA and Vizilter, Yu V and Vygolov, OV and Knyaz, Vladimir A and Rubis, A Yu},
  journal={The International Archives of the Photogrammetry, Remote Sensing and Spatial Information Sciences},
  volume={42},
  pages={565--571},
  year={2018},
  publisher={Copernicus GmbH}
}

@article{zhang2020dsifn,
  title={A deeply supervised image fusion network for change detection in high resolution bi-temporal remote sensing images},
  author={Zhang, Chenxiao and Yue, Peng and Tapete, Deodato and Jiang, Liangcun and Shangguan, Boyi and Huang, Li and Liu, Guangchao},
  journal={ISPRS Journal of Photogrammetry and Remote Sensing},
  volume={166},
  pages={183--200},
  year={2020},
  publisher={Elsevier}
}

@ARTICLE{shi2022SYSU,
  author={Shi, Qian and Liu, Mengxi and Li, Shengchen and Liu, Xiaoping and Wang, Fei and Zhang, Liangpei},
  journal={IEEE Transactions on Geoscience and Remote Sensing},
  title={A Deeply Supervised Attention Metric-Based Network and an Open Aerial Image Dataset for Remote Sensing Change Detection},
  year={2022},
  volume={60},
  number={},
  pages={1-16},
  keywords={Feature extraction;Data mining;Measurement;Semantics;Hyperspectral imaging;Convolutional neural networks;Benchmark testing;Change detection dataset (CDD);convolutional block attention module (CBAM);deeply supervised (DS) layers;metric learning;remote sensing change detection (CD)}
}

@ARTICLE{liu2022CLCD,
  author={Liu, Mengxi and Chai, Zhuoqun and Deng, Haojun and Liu, Rong},
  journal={IEEE Journal of Selected Topics in Applied Earth Observations and Remote Sensing},
  title={A CNN-Transformer Network With Multiscale Context Aggregation for Fine-Grained Cropland Change Detection},
  year={2022},
  volume={15},
  number={},
  pages={4297-4306},
  keywords={Feature extraction;Transformers;Head;Data mining;Task analysis;Decoding;Biological system modeling;Change detection (CD);cropland;deep learning (DL);remote sensing;transformer}
}

@article{Tarvainen2017teacher,
  title={Mean teachers are better role models: Weight-averaged consistency targets improve semi-supervised deep learning results},
  author={Tarvainen, Antti and Valpola, Harri},
  journal={Advances in neural information processing systems},
  volume={30},
  year={2017}
}
@inproceedings{xu2021dash,
  title={Dash: Semi-supervised learning with dynamic thresholding},
  author={Xu, Yi and Shang, Lei and Ye, Jinxing and Qian, Qi and Li, Yu-Feng and Sun, Baigui and Li, Hao and Jin, Rong},
  booktitle={International conference on machine learning},
  pages={11525--11536},
  year={2021},
  organization={PMLR}
}
@article{berthelot2021adamatch,
  title={Adamatch: A unified approach to semi-supervised learning and domain adaptation},
  author={Berthelot, David and Roelofs, Rebecca and Sohn, Kihyuk and Carlini, Nicholas and Kurakin, Alex},
  journal={arXiv preprint arXiv:2106.04732},
  year={2021}
}
@article{zhang2021flexmatch,
  title={Flexmatch: Boosting semi-supervised learning with curriculum pseudo labeling},
  author={Zhang, Bowen and Wang, Yidong and Hou, Wenxin and Wu, Hao and Wang, Jindong and Okumura, Manabu and Shinozaki, Takahiro},
  journal={Advances in Neural Information Processing Systems},
  volume={34},
  pages={18408--18419},
  year={2021}
}
@inproceedings{guo2022adash,
  title={Class-imbalanced semi-supervised learning with adaptive thresholding},
  author={Guo, Lan-Zhe and Li, Yu-Feng},
  booktitle={International conference on machine learning},
  pages={8082--8094},
  year={2022},
  organization={PMLR}
}
@inproceedings{yun2019cutmix,
  title={Cutmix: Regularization strategy to train strong classifiers with localizable features},
  author={Yun, Sangdoo and Han, Dongyoon and Oh, Seong Joon and Chun, Sanghyuk and Choe, Junsuk and Yoo, Youngjoon},
  booktitle={Proceedings of the IEEE/CVF international conference on computer vision},
  pages={6023--6032},
  year={2019}
}

@article{zhang2017mixup,
  title={mixup: Beyond empirical risk minimization},
  author={Zhang, Hongyi and Cisse, Moustapha and Dauphin, Yann N and Lopez-Paz, David},
  journal={arXiv preprint arXiv:1710.09412},
  year={2017}
}

@inproceedings{vu2019advent,
  title={Advent: Adversarial entropy minimization for domain adaptation in semantic segmentation},
  author={Vu, Tuan-Hung and Jain, Himalaya and Bucher, Maxime and Cord, Matthieu and P{\'e}rez, Patrick},
  booktitle={Proceedings of the IEEE/CVF conference on computer vision and pattern recognition},
  pages={2517--2526},
  year={2019}
}

@article{mittal2019semi,
  title={Semi-supervised semantic segmentation with high-and low-level consistency},
  author={Mittal, Sudhanshu and Tatarchenko, Maxim and Brox, Thomas},
  journal={IEEE transactions on pattern analysis and machine intelligence},
  volume={43},
  number={4},
  pages={1369--1379},
  year={2019},
  publisher={IEEE}
}

@inproceedings{cubuk2020randaugment,
  title={Randaugment: Practical automated data augmentation with a reduced search space},
  author={Cubuk, Ekin D and Zoph, Barret and Shlens, Jonathon and Le, Quoc V},
  booktitle={Proceedings of the IEEE/CVF conference on computer vision and pattern recognition workshops},
  pages={702--703},
  year={2020}
}

@inproceedings{yuan2021simple,
  title={A simple baseline for semi-supervised semantic segmentation with strong data augmentation},
  author={Yuan, Jianlong and Liu, Yifan and Shen, Chunhua and Wang, Zhibin and Li, Hao},
  booktitle={Proceedings of the IEEE/CVF International Conference on Computer Vision},
  pages={8229--8238},
  year={2021}
}

@book{knuth1986the,
  title     = {The {{\TeX}}book},
  author    = {Knuth, Donald E},
  publisher = {Addison-Wesley},
  year      = {1986}
}

@article{szegedy2015going,
  title   = {Going deeper with convolutions},
  author  = {Szegedy, Christian and Liu, Wei and Jia, Yangqing and
             Sermanet, Pierre and Reed, Scott E and Anguelov, Dragomir and
             Erhan, Dumitru and Vanhoucke, Vincent and Rabinovich, Andrew},
  journal = {Computer Vision and Pattern Recognition},
  pages   = {1--9},
  year    = {2015}
}

@article{chen2014maiyuan,
  title   = {脉源三支 强强融合——西北工业大学},
  author  = {{陈家忠}},
  journal = {电子技术与软件工程},
  number  = {9},
  pages   = {15--16},
  year    = {2014}
}
